<?xml version="1.0" encoding="UTF-8"?><collection xmlns="http://www.loc.gov/MARC21/slim"><record><leader>00363nam--2200133-i-4500</leader><controlfield tag="001">000021398</controlfield><controlfield tag="002">20161230</controlfield><controlfield tag="005">20161230201034</controlfield><controlfield tag="008">060222s1000------------r-----000-0-eng-d</controlfield><datafield ind1=" " ind2=" " tag="080"><subfield code="a">621.91.07</subfield></datafield><datafield ind1=" " ind2=" " tag="100"><subfield code="a">Harizomenov, I.V</subfield></datafield><datafield ind1=" " ind2=" " tag="245"><subfield code="a">Echipamentul electric al masinilor-unelte de aschiere a metalelor</subfield></datafield><datafield ind1=" " ind2=" " tag="260"><subfield code="a">Bucuresti, I.D.T., 1951. 175 P.Lito</subfield></datafield><datafield ind1=" " ind2=" " tag="852"><subfield code="a">4354</subfield></datafield></record></collection>